@article{denison1998bayesian,
  title={Bayesian mars},
  author={Denison, David GT and Mallick, Bani K and Smith, Adrian FM},
  journal={Statistics and Computing},
  volume={8},
  number={4},
  pages={337--346},
  year={1998},
  publisher={Springer}
}

@article{francom2019inferring,
  title={Inferring Atmospheric Release Characteristics in a Large Computer Experiment Using Bayesian Adaptive Splines},
  author={Francom, Devin and Sans{\'o}, Bruno and Bulaevskaya, Vera and Lucas, Donald and Simpson, Matthew},
  journal={Journal of the American Statistical Association},
  volume={114},
  number={528},
  pages={1450--1465},
  year={2019},
  publisher={Taylor \& Francis}
}

@article{francom2019bass,
  title={Bass: An R package for fitting and performing sensitivity analysis of Bayesian adaptive spline surfaces},
  author={Francom, Devin and Sans{\'o}, Bruno},
  journal={Journal of Statistical Software},
  volume={2},
  year={2019}
}

@book{gelman2013bayesian,
  title={Bayesian data analysis},
  author={Gelman, Andrew and Carlin, John B and Stern, Hal S and Dunson, David B and Vehtari, Aki and Rubin, Donald B},
  year={2013},
  publisher={CRC press}
}